@book{manualSpecGP,
    author = {Багласова, Т.Г.},
    title = {Методические указания по выполнению дипломного проекта для учащихся по специальности 2-40 01 01 «Программное обеспечение технологий»},
    year = {2017},
    publisher = {КБП},
    address = {Минск},
    pages = {30},
}

@book{manualCPGP,
    author = {Багласова, Т.Г. and Якимович, К.О.},
    title = {Методические указания по оформлению курсовых и дипломных проектов},
    year = {2013},
    publisher = {КБП},
    address = {Минск},
    pages = {29},
}

%Багласова, Т.Г. Методические указания по выполнению дипломного проекта для учащихся по специальности 2-40 01 01 «Программное обеспечение технологий» / Т.Г. Багласова. – Минск : КБП, 2017. – 30 c.
%Багласова, Т.Г. Методические указания по оформлению курсовых и дипломных проектов / Т.Г. Багласова, К.О. Якимович. – Минск : КБП, 2013. – 29 c. 

%Бондарь, А.Г. Microsoft SQL Server 2012 / А.Г. Бондарь. – СПб. : БХВ-Петербург, 2013. – 608 с.
%Крум, Э.В. Экономика предприятия. Практикум / Э. В. Крум. – Минск : Издательство Гревцова, 2009. – 360 с. 
%Мацяшек, Лешек А. Анализ и проектирование информационных систем с помощью UML 2.0 / Лешек А. Мацяшек. – 3-е изд. – М. : ООО «И.Д. Вильямс», 2008. – 816 с. 
%Михнюк, Т.Ф. Охрана труда / Т.Ф. Михнюк. – Минск : ИВЦ Минфина, 2009. – 365 с.
%Объектно-ориентированный анализ и проектирование с примерами приложений / Гради Буч [и др.]. – 3-е изд. – М. : ООО «И.Д. Вильямс», 2008. – 720 с. 
%Тепляков, С. Паттерны проектирования на платформе .NET / С.Тепляков.  – СПб. : Питер, 2015. – 320 с. 
%Экономика предприятия. Практикум / Э. В. Крум [и др.] ; под ред. Э. В. Крум. – Минск : Издательство Гревцова, 2009. – 355 с. 
%Общие требования к тестовым документам : ГОСТ 2.105-95. – Введ. 01.01.1996. – Минск : Межгос. совет по стандартизации, метрологии и сертификации, 1995. – 84 с.
%Программа и методика испытаний. Требования к содержанию, оформлению и контролю качества : ГОСТ 19.301-2000. – Введ. 01.09.2001. – Минск : Межгос. совет по стандартизации, метрологии и сертификации, 2000. – 14 с. 
%Текст программы. Требования к содержанию, оформлению и контролю качества : ГОСТ 19.401-2000. – Введ. 01.09.2001. – Минск : Межгос. совет по стандартизации, метрологии и сертификации, 2000. – 16 с. 
%Руководство по программированию на C# [Электронный ресурс]. – Microsoft, 2019. – Режим доступа : http://docs.microsoft.com/ru-ru/dotnet/csharp/programming-guide/. – Дата доступа : 25.04.2019.
%Обзор обновлений и новых функций Windows 10 [Электронный ресурс]. – Microsoft, 2019. – Режим доступа : https://www.microsoft.com/ru-ru/windows/features. – Дата доступа : 22.05.2019.
